%% Contains literature references for Timescales library
% refs.bib
% Krzysztof Findeisen
% Created May 17, 2013
% Last modified February 27, 2014

@ARTICLE{LSPeriodogram,
   author = {{Scargle}, J.~D.},
    title = "{Studies in astronomical time series analysis. II - Statistical aspects of spectral analysis of unevenly spaced data}",
  journal = {ApJ},
 keywords = {ASTRONOMY, SIGNAL DETECTION, SPECTRUM ANALYSIS, STATISTICAL DISTRIBUTIONS, TIME SERIES ANALYSIS, FOURIER TRANSFORMATION, FREQUENCY RESPONSE, POWER SPECTRA, SIGNAL TO NOISE RATIOS},
     year = 1982,
    month = dec,
   volume = 263,
    pages = {835-853},
      doi = {10.1086/160554},
   adsurl = {http://adsabs.harvard.edu/abs/1982ApJ...263..835S},
  adsnote = {Provided by the SAO/NASA Astrophysics Data System}
}

@ARTICLE{ScargleAcf,
   author = {{Scargle}, J.~D.},
    title = "{Studies in astronomical time series analysis. III - Fourier transforms, autocorrelation functions, and cross-correlation functions of unevenly spaced data}",
  journal = {ApJ},
 keywords = {BL LACERTAE OBJECTS, COMPUTATIONAL ASTROPHYSICS, TIME SERIES ANALYSIS, AUTOCORRELATION, CROSS CORRELATION, FORTRAN, FOURIER TRANSFORMATION},
     year = 1989,
    month = aug,
   volume = 343,
    pages = {874-887},
      doi = {10.1086/167757},
   adsurl = {http://adsabs.harvard.edu/abs/1989ApJ...343..874S},
  adsnote = {Provided by the SAO/NASA Astrophysics Data System}
}

@ARTICLE{PeakFind,
   author = {{Cody}, A.~M. and {Stauffer}, J. and {Baglin}, A. and {Micela}, G. and 
	{Rebull}, L.~M. and {Flaccomio}, E. and {Morales-Calder{\'o}n}, M. and 
	{Aigrain}, S. and {Bouvier}, J. and {Hillenbrand}, L.~A. and 
	{Gutermuth}, R. and {Song}, I. and {Turner}, N. and {Alencar}, S.~H.~P. and 
	{Zwintz}, K. and {Plavchan}, P. and {Carpenter}, J. and {Findeisen}, K. and 
	{Carey}, S. and {Terebey}, S. and {Hartmann}, L. and {Calvet}, N. and 
	{Teixeira}, P. and {Vrba}, F.~J. and {Wolk}, S. and {Covey}, K. and 
	{Poppenhager}, K. and {G{\"u}nther}, H.~M. and {Forbrich}, J. and 
	{Whitney}, B. and {Affer}, L. and {Herbst}, W. and {Hora}, J. and 
	{Barrado}, D. and {Holtzman}, J. and {Marchis}, F. and {Wood}, K. and 
	{Medeiros Guimar{\~a}es}, M. and {Lillo Box}, J. and {Gillen}, E. and 
	{McQuillan}, A. and {Espaillat}, C. and {Allen}, L. and {D'Alessio}, P. and 
	{Favata}, F.},
    title = "{CSI 2264: Simultaneous optical and infrared light curves of young disk-bearing stars in NGC 2264 with CoRoT and Spitzer-- evidence for multiple origins of variability}",
  journal = {ArXiv e-prints},
archivePrefix = "arXiv",
   eprint = {1401.6582},
 primaryClass = "astro-ph.SR",
 keywords = {Astrophysics - Solar and Stellar Astrophysics},
     year = 2014,
    month = jan,
   adsurl = {http://adsabs.harvard.edu/abs/2014arXiv1401.6582C},
  adsnote = {Provided by the SAO/NASA Astrophysics Data System}
}

